@article{DBLP:journals/corr/SerbanSBCP15,
  author    = {Iulian Vlad Serban and
               Alessandro Sordoni and
               Yoshua Bengio and
               Aaron C. Courville and
               Joelle Pineau},
  title     = {Hierarchical Neural Network Generative Models for Movie Dialogues},
  journal   = {CoRR},
  volume    = {abs/1507.04808},
  year      = {2015},
  url       = {http://arxiv.org/abs/1507.04808},
  archivePrefix = {arXiv},
  eprint    = {1507.04808},
  timestamp = {Wed, 07 Jun 2017 14:40:30 +0200},
  biburl    = {https://dblp.org/rec/bib/journals/corr/SerbanSBCP15},
  bibsource = {dblp computer science bibliography, https://dblp.org}
}

@article{DBLP:journals/corr/ChoMGBSB14,
  author    = {Kyunghyun Cho and
               Bart van Merrienboer and
               {\c{C}}aglar G{\"{u}}l{\c{c}}ehre and
               Fethi Bougares and
               Holger Schwenk and
               Yoshua Bengio},
  title     = {Learning Phrase Representations using {RNN} Encoder-Decoder for Statistical
               Machine Translation},
  journal   = {CoRR},
  volume    = {abs/1406.1078},
  year      = {2014},
  url       = {http://arxiv.org/abs/1406.1078},
  archivePrefix = {arXiv},
  eprint    = {1406.1078},
  timestamp = {Wed, 07 Jun 2017 14:43:08 +0200},
  biburl    = {https://dblp.org/rec/bib/journals/corr/ChoMGBSB14},
  bibsource = {dblp computer science bibliography, https://dblp.org}
}

@article{DBLP:journals/corr/SutskeverVL14,
  author    = {Ilya Sutskever and
               Oriol Vinyals and
               Quoc V. Le},
  title     = {Sequence to Sequence Learning with Neural Networks},
  journal   = {CoRR},
  volume    = {abs/1409.3215},
  year      = {2014},
  url       = {http://arxiv.org/abs/1409.3215},
  archivePrefix = {arXiv},
  eprint    = {1409.3215},
  timestamp = {Wed, 07 Jun 2017 14:40:10 +0200},
  biburl    = {https://dblp.org/rec/bib/journals/corr/SutskeverVL14},
  bibsource = {dblp computer science bibliography, https://dblp.org}
}

@article{DBLP:journals/corr/SordoniBVLSN15,
  author    = {Alessandro Sordoni and
               Yoshua Bengio and
               Hossein Vahabi and
               Christina Lioma and
               Jakob Grue Simonsen and
               Jian{-}Yun Nie},
  title     = {A Hierarchical Recurrent Encoder-Decoder For Generative Context-Aware
               Query Suggestion},
  journal   = {CoRR},
  volume    = {abs/1507.02221},
  year      = {2015},
  url       = {http://arxiv.org/abs/1507.02221},
  archivePrefix = {arXiv},
  eprint    = {1507.02221},
  timestamp = {Wed, 07 Jun 2017 14:40:19 +0200},
  biburl    = {https://dblp.org/rec/bib/journals/corr/SordoniBVLSN15},
  bibsource = {dblp computer science bibliography, https://dblp.org}
}